@ARTICAL{lagrange,
Title = {Basic Lagrangian Mechanics},
Author = {-},
Year = {2007},
URL = {http://www.physicsinsights.org/lagrange_1.html}
}

@ARTICAL{actionforsafety,
Title = {Trampoline Injuries: A summary of current understanding to inform local responses},
Author = {R. Benington},
Year = {2011},
URL = {http://www.avon.nhs.uk/phnet/Avonsafe/Trampolines/Trampoline%20Injuries.pdf}
}

@ARTICAL{rospa,
Title = {Leisure Safety Information},
Author = {The Royal Society for the Prevention of Accidents},
Year = {2007},
URL = {http://www.rospa.com/leisuresafety/Info/LeisureSafety/trampoline-safety.pdf}
}

@ARTICAL{injurypreventation,
Title = {Effectiveness of Pads and Enclosures as Safety Interventions on Consumer Trampolines},
Author = {K. Alexander, D. Eager, C. Scarrott, G. Sushinsky},
Year = {2009},
URL = {http://injuryprevention.bmj.com/content/16/3/185.full.pdf+html}
}

@ARTICAL{tadfonline,
Title = {Basic Lagrangian Mechanics},
Author = {-},
Year = {2007},
URL = {http://www.physicsinsights.org/lagrange_1.html}
}

@ARTICAL{jumpingforce,
Title = {Basic Lagrangian Mechanics},
Author = {-},
Year = {2007},
URL = {http://www.physicsinsights.org/lagrange_1.html}
}

@ARTICAL{rip,
Title = {Modeling and Understanding the Physics of
Bungee Trampoline Jumping},
Author = {A. Ramachandran},
Year = {2013},
URL = {http://www.ripublication.com/ijmer_spl/ijmerv3n6spl_04.pdf}
}

@ARTICAL{physics,
Title = {The Physics of a Trampoline},
Author = {C. Silvia},
Year = {2011},
URL = {http://wiki.croomphysics.com/index.php?title=The_Physics_of_the_Trampoline}
}

@ARTICAL{faceinjure,
Title = {Facial Fractures},
Author = {Medscape},
Year = {2013},
URL = {http://emedicine.medscape.com/article/84613-overview}
}
@ARTICAL{fibia,
Title = {Re: PSI needed to break the weakest bone in the body?},
Author = {Madsci},
Year = {2010},
URL = {http://www.madsci.org/posts/archives/2010-12/1291221694.An.r.html
}
}

@ARTICAL{bodymodel,
Title = {A Dynamic Optimization Solution for Vertical Jumping in Three Dimensions},
Author = {F. Anderson, M. Pandy},
Year = {1998},
URL = {http://www.tandfonline.com/doi/abs/10.1080/10255849908907988#.VOHSwkJLHzI}
}

@ARTICAL{carcrash,
Title = {An analysis of maximum vehicle G forces and brain injury in motorsports crashes},
Author = {Weaver CS, Sloan BK, Brizendine EJ, Bock H.},
Year = {2006},
URL = {http://www.ncbi.nlm.nih.gov/pubmed/16531891}
}

@ARTICAL{gcalc,
Title = {Fall g Force Calculator},
Author = {VaultCanada},
Year = {2015},
URL = {https://vaultcanada.org/FallCalc}
}


@ARTICAL{springbok,
Title = {Springbok:The Physics of Jumping},
Author = {R. Dufresne, W. Gerace, W. Leonard},
Year = {2001},
URL = {http://www.srri.umass.edu/sites/srri/files/dufresne-2001spj.pdf}
}

@ARTICAL{bonecomp,
Title = {Compressive behaviour of child and adult cortical bone},
Author = {Ã–hman C, Baleani M, Pani C, Taddei F, Alberghini M, Viceconti M, Manfrini M},
Year = {2011},
URL = {http://www.ncbi.nlm.nih.gov/pubmed/21763479}
}

@ARTICAL{childweight,
Title = {Average Height to Weight Chart},
Author = {-},
Year = {2014},
URL = {http://www.disabled-world.com/artman/publish/height-weight-teens.shtml}
}

@ARTICAL{nasa,
Title = {Newton's Second Law},
Author = {-},
Year = {2014},
URL = {http://www.grc.nasa.gov/WWW/k-12/airplane/newton2c.html}
}

@ARTICAL{theback,
Title = {Trauma: Emergency Resuscitation, Perioperative Anesthesia ..., Volume 1},
Author = {William C. Wilson, Christopher M. Grande, David B. Hoyt},
Year = {2007},
URL = {https://books.google.co.uk/books?id=seGQITiSx6UC&pg=PA420&lpg=PA420&dq=BREAKING+BONES+g+forces&source=bl&ots=o1i66VV6uB&sig=myp9Kcv7jD6gyDi_iuzzAH7ckeY&hl=en&sa=X&ei=L03jVKP-K8KuaaP6gZgJ&ved=0CCEQ6AEwAA#v=onepage&q=BREAKING%20BONES%20g%20forces&f=false}
}

@ARTICAL{gs,
Title = {The Science of G-force},
Author = {D. Banks, M. Leahy},
Year = {2006},
URL = {http://www.open.edu/openlearn/body-mind/health/health-sciences/the-science-g-force}
}

@ARTICAL{pythagoras,
Title = {Pythagoras' Theorem},
Author = {-},
Year = {2013}, 
URL = {http://www.mathsisfun.com/pythagoras.html}
}

@ARTICAL{potentiale,
Title = {Potential Energy},
Author = {Physics Classroom},
Year = {2015}, 
URL = {http://www.physicsclassroom.com/class/energy/Lesson-1/Potential-Energy}
}

@ARTICAL{kinetic,
Title = {Kinetic Energy},
Author = {Physics Classroom},
Year = {2015}, 
URL = {http://www.physicsclassroom.com/class/energy/Lesson-1/Kinetic-Energy}
}

@ARTICAL{suvat,
Title = {Newton's Laws of Motion},
Author = {Physics Classroom},
Year = {2015}, 
URL = {http://www.physicsclassroom.com/calcpad/newtlaws}
}

@MOVIE{vidya,
Title={Extreme Trampoline Jumping 4},
Author={Youtube user: tomluger},
Year={2007},
URL={https://www.youtube.com/watch?v=vec9VktM8jg},
Note={Time started at: 2m04s}
}

%https://www.sem.org/PDF/Walter_Mechanical_ShockVibe.pdf
%https://books.google.co.uk/books?id=seGQITiSx6UC&pg=PA420&lpg=PA420&dq=BREAKING+BONES+g+forces&source=bl&ots=o1i66VV6uB&sig=myp9Kcv7jD6gyDi_iuzzAH7ckeY&hl=en&sa=X&ei=L03jVKP-K8KuaaP6gZgJ&ved=0CCEQ6AEwAA#v=onepage&q=BREAKING%20BONES%20g%20forces&f=false
%http://www.avon.nhs.uk/phnet/Avonsafe/Trampolines/Trampoline%20Injuries.pdf
%http://www.rospa.com/leisuresafety/Info/LeisureSafety/trampoline-safety.pdf
%http://injuryprevention.bmj.com/content/16/3/185.full.pdf+html


% http://www.tandfonline.com/doi/full/10.1080/00140130500101262#tabModule
% http://www.scienceforums.net/topic/64774-how-exactly-do-you-calculate-the-jumping-force-necesary-for-a-110-lb-woman-to-be-able-to-jump-60-feet-in-the-air/


%http://www.ripublication.com/ijmer_spl/ijmerv3n6spl_04.pdf




https://www.physicsforums.com/threads/momentum-and-velocity.258090/